@article{grzys,
  title={光纤传感器在发动机燃烧研究中的应用与发展},
  author={戈锐 and 张煜盛},
  journal={车用发动机},
  number={1},
  pages={1--5},
  year={2006},
  lang = {zh}
}

@techreport{winch1953method,
  title={A method for identifying preignition},
  author={Winch, RF and Mayes, FM},
  year={1953},
  institution={SAE Technical Paper},
  lang = {zh}
}

@techreport{collings1986knock,
  title={Knock detection by means of the spark plug},
  author={Collings, Nick and Dinsdale, Steve and Eade, Derek},
  year={1986},
  institution={SAE Technical Paper}
}
	
@techreport{collings1991plug,
  title={Plug fouling investigations on a running engine-an application of a novel multi-purpose diagnostic system based on the spark plug},
  author={Collings, Nick and Dinsdale, Steve and Hands, Tim},
  year={1991},
  institution={SAE Technical Paper}
}
	
@article{collings1985knock,
  title={Knock detection alternatives for production vehicles},
  author={Collings, N and Ma, T},
  journal={Proceedings of the Institution of Mechanical Engineers, Part D: Journal of Automobile Engineering},
  volume={199},
  number={4},
  pages={301--307},
  year={1985},
  publisher={SAGE Publications}
}
	
@techreport{saitzkoff1996ionization,
  title={An ionization equilibrium analysis of the spark plug as an ionization sensor},
  author={Saitzkoff, Andre and Reinmann, Raymond and Berglind, Thomas and Glavmo, Magnus},
  year={1996},
  institution={SAE Technical Paper}
}
	
@book{schneider2000experimental,
  title={An experimental study of correlations between ionic current and operating parameters in SI engines},
  author={Schneider, Dirk},
  year={2000}
}
	
@article{kessler,
	author = "M Kessler",
	title = "Ionenstromsensorik im Dieselmotor",
	journal = "Fortschritt-Beriche VDI",
	address = "Reihe 12, Nr.487, Dusseldorf, VDI-Verlad",
	year = "2002"}
	
@techreport{franke2003analysis,
  title={Analysis of the ionization equilibrium in the post-flame zone},
  author={Franke, Axel and Einewall, Patrik and Reinmann, Raymond and Larsson, Anders},
  year={2003},
  institution={SAE Technical Paper}
}

@techreport{peron2000limitations,
  title={Limitations of ionization current sensors and comparison with cylinder pressure sensors},
  author={Peron, Ludovic and Charlet, Alain and Higelin, Pascal and Moreau, B and Burq, JF},
  year={2000},
  institution={SAE Technical Paper}
}

@techreport{balles1998cylinder,
  title={In-cylinder air/fuel ratio approximation using spark gap ionization sensing},
  author={Balles, Eric N and VanDyne, Edward A and Wahl, Alexandre M and Ratton, Kenneth and Lai, Ming-Chia},
  year={1998},
  institution={SAE Technical Paper}
}

@techreport{zhu2003mbt,
  title={MBT timing detection and its closed-loop control using in-cylinder pressure signal},
  author={Zhu, Guoming G and Daniels, Chao F and Winkelman, James},
  year={2003},
  institution={SAE Technical Paper}
}

@techreport{forster1999ion,
  title={Ion current sensing for spark ignition engines},
  author={F{\"o}rster, J{\"u}rgen and G{\"u}nther, Achim and Ketterer, Markus and Wald, Klaus-J{\"u}rgen},
  year={1999},
  institution={SAE Technical Paper}
}

@techreport{malaczynski2003real,
  title={Real-time digital signal processing of ionization current for engine diagnostic and control},
  author={Malaczynski, Gerard W and Baker, Michael E},
  year={2003},
  institution={SAE Technical Paper}
}

@techreport{panousakis2006ion,
  title={Ion current signal interpretation via artificial neural networks for gasoline HCCI control},
  author={Panousakis, Dimosthenis and Gazis, Andreas and Paterson, Jill and Chen, Wen-Hua and Chen, Rui and Turner, Jamie and Milovanovic, Nebosja},
  year={2006},
  institution={SAE Technical Paper}
}

@techreport{glavmo1999closed,
  title={Closed loop start of combustion control utilizing ionization sensing in a diesel engine},
  author={Glavmo, Magnus and Spadafora, Peter and Bosch, Russell},
  year={1999},
  institution={SAE Technical Paper}
}

@article{dgy2011,
  title={基于离子电流的缸内直喷汽油机 HCCI 燃烧检测研究},
  author={董光宇 and 李理光 and 张志永 and 吴志军 and 王志},
  journal={内燃机学报},
  volume={29},
  number={2},
  pages={145--151},
  year={2011},
  lang = {zh}
}

@techreport{eriksson1996ignition,
  title={Ignition control by ionization current interpretation},
  author={Eriksson, Lars and Nielsen, Lars and Nytomt, Jan},
  year={1996},
  institution={SAE Technical Paper}
}

@techreport{eriksson1997closed,
  title={Closed loop ignition control by ionization current interpretation},
  author={Eriksson, Lars and Nielsen, Lars and Glavenius, Mikael},
  year={1997},
  institution={SAE Technical Paper}
}

@article{eriksson1997ionization,
  title={Ionization current interpretation for ignition control in internal combustion engines},
  author={Eriksson, Lars and Nielsen, Lars},
  journal={Control Engineering Practice},
  volume={5},
  number={8},
  pages={1107--1113},
  year={1997},
  publisher={Elsevier}
}

@article{gh2010,
  title={盲源分离法在火花塞离子电流信号分离中的应用},
  author={高辉 and 吴筱敏 and 高忠权 and 孟祥文 and 李根 and 黄佐华},
  journal={西安交通大学学报},
  number={1},
  pages={22--26},
  year={2010},
  lang = {zh}
}

@article{reinmann1997local,
  title={Local airfuel ratio measurements using the spark plug as an ionization sensor, Technical paper 970856},
  author={Reinmann, Raymond and Saitzkoff, Andr{\'e} and Mauss, Fabian},
  journal={Society of Automotive Engineers (SAE)},
  year={1997}
}

@article{zeldovich1946oxidation,
  title={The oxidation of nitrogen in combustion and explosions},
  author={Zeldovich, Ya B},
  journal={Acta Physicochim. URSS},
  volume={21},
  number={4},
  pages={577--628},
  year={1946}
}

@article{zyl2011,
  title={面向点火系统电磁兼容预测的火花塞动态电路模型},
  author={郑亚利 and 俞集辉 and 汪泉弟 and 贾晋 and 刘青松 and 李旭},
  journal={电工技术学报},
  volume={26},
  number={2},
  pages={8--13},
  year={2011},
  lang = {zh}
}

@article{sincero2008arc,
  title={Arc models for simulation of brush motor commutations},
  author={Sincero, Geraldo CR and Cros, J{\'e}r{\^o}me and Viarouge, Philippe},
  journal={Magnetics, IEEE Transactions on},
  volume={44},
  number={6},
  pages={1518--1521},
  year={2008},
  publisher={IEEE}
}

@article{tseng1997experimentally,
  title={An experimentally verified hybrid Cassie-Mayr electric arc model for power electronics simulations},
  author={Tseng, King-Jet and Wang, Yaoming and Vilathgamuwa, D Mahinda},
  journal={Power Electronics, IEEE Transactions on},
  volume={12},
  number={3},
  pages={429--436},
  year={1997},
  publisher={IEEE}
}

@article{wxf2003,
  title={小波基选择及其优化},
  author={汪新凡},
  journal={株洲工学院学报},
  volume={17},
  number={5},
  pages={33--35},
  year={2003},
  lang = {zh}
}

@Misc{tco_gs,
	howpublished = {\url{http://terpconnect.umd.edu/~toh/spectrum/CurveFittingC.html} },
	note = {Accessed January 07, 2016},
	title = {Curve fitting C: Non-linear Iterative Curve Fitting },
	author = {T. C. O'Haver}
}

@article{iign,
  title={电极间隙对离子电流的影响研究},
  author={高忠权 and 吴筱敏 and 魏若男 and 皮敏 and 宋轶明 and 黄佐华},
  journal={车用发动机},
  number={3},
  pages={79--81},
  year={2008},
  lang = {zh}
}

@article{xhbd,
  title={发动机离子电流与缸内压力循环变动分析},
  author={吴筱敏 and 李根 and 高忠权 and 孟祥文 and 魏若男},
  journal={工程热物理学报},
  volume={32},
  number={12},
  pages={2146--2150},
  year={2011},
  lang={zh}
}

@article{zqy2011,
  title={基于离子电流积分信号的 HCCI 失火控制},
  author={张栖玉 and 张志永 and 李从跃 and 李理光},
  journal={汽车工程},
  number={10},
  pages={850--854},
  year={2011},
  lang = {zh}
}

@article{fqw2012,
  title={基于两阶段燃油喷射的直喷汽油机离子电流特性的试验},
  author={范钱旺 and 李理光 and 卞江 and 童孙禹 and 陆海峰 and 刘俊杰},
  journal={内燃机学报},
  volume={30},
  number={2},
  pages={141--148},
  year={2012},
  lang={zh}
}

@article{zzybh2012,
  title={基于离子电流反馈的失火循环内补火控制试验},
  author={张志永 and 李从跃 and 曹银波 and 李理光},
  journal={内燃机学报},
  volume={30},
  number={1},
  pages={56--61},
  year={2012},
  lang={zh}
}
@article{cyb2013,
  title={喷油策略对离子电流信号与 HCCI 燃烧相位相关性的影响},
  author={曹银波 and 张志永 and 白云 and 胡宗杰 and 李理光},
  journal={内燃机学报},
  volume={1},
  pages={007},
  year={2013},
  lang={zh}
}

@article{ljw2005,
  title={点燃式发动机火花塞离子电流稳定性的试验研究},
  author={李建文 and 刘书亮 and 刘伍权 and 王天友 and 杨生辉},
  journal={燃烧科学与技术},
  volume={11},
  number={1},
  pages={52--55},
  year={2005},
  lang={zh}
}

@techreport{hellring2001comparison,
  title={A comparison of ion current based algorithms for peak pressure position control},
  author={Hellring, Magnus and Holmberg, Ulf},
  year={2001},
  institution={SAE Technical Paper}
}

@article{joyce2006linear,
  title={Linear regression and its use in predicting the link between ionization current and the pressure signal in a hybrid mode engine},
  author={Joyce, Kevin and Chen, Rui and Osei-Owusu, Paul and Patterson, Jill and Turner, JWG},
  year={2006},
  publisher={{\copyright} SAE International}
}

@article{wxm2001,
  title={干扰及偏置电压对火花塞检测信号影响的试验研究},
  author={吴筱敏 and 李福明 and 余鹏},
  journal={内燃机工程},
  volume={22},
  number={4},
  pages={55--57},
  year={2001},
  lang={zh}
}

@article{cyb2012,
  title={离子电流检测系统的抗干扰设计},
  author={曹银波 and 张志永 and 沈康 and 李理光},
  journal={同济大学学报: 自然科学版},
  volume={40},
  number={9},
  pages={1369--1375},
  year={2012},
  lang={zh}
}

@article{wyj1999,
  title={火花塞点火过程非线性模型及参数识别},
  author={吴元杰 and 徐航},
  journal={内燃机学报},
  volume={17},
  number={3},
  pages={281--284},
  year={1999},
  lang={zh}
}

@article{tb2009,
  title={汽车火花点火系统电磁干扰影响因素},
  author={谭波 and 李永明 and 俞集辉 and 汪泉弟},
  journal={探测与控制学报},
  volume={31},
  number={2},
  pages={76--80},
  year={2009},
  lang={zh}
}

@article{zxc2008,
  title={正常燃烧与部分燃烧的离子电流研究},
  author={邹星澄 and 吴筱敏 and 高忠权 and 皮敏 and 张祚},
  journal={高技术通讯},
  volume={18},
  number={9},
  pages={958--961},
  year={2008},
  lang={zh}
}

@techreport{saitzkoff1997cylinder,
  title={In-cylinder pressure measurements using the spark plug as an ionization sensor},
  author={Saitzkoff, Andre and Reinmann, Raymond and Mauss, Fabian and Glavmo, Magnus},
  year={1997},
  institution={SAE Technical Paper}
}

@article{xjgxcs,
  title={火花塞离子电流信号及其在发动机检测和控制中的应用},
  author={邢建国 and 许沧粟 and 孙优贤},
  journal={内燃机工程},
  volume={22},
  number={3},
  pages={70--73},
  year={2001},
  lang={zh}
}

@article{ljwwty2008,
  title={外加电场对火花塞离子电流的影响},
  author={李建文 and 王天友 and 徐正飞 and 刘宏威 and 刘伍权 and 刘书亮},
  journal={内燃机学报},
  volume={26},
  number={2},
  pages={179--182},
  year={2008},
  lang={zh}
}

@phdthesis{ljw2004phd,
  title={点燃式发动机火花塞离子电流特性及其应用的研究 [D]},
  author={李建文},
  year={2004},
  school={天津: 天津大学},
  lang={zh}
}

@inproceedings{lyhsz2008,
  title={基于小波变换的信号去噪方法的研究},
  author={刘扬 and 侯思祖},
  booktitle={2008 通信理论与技术新发展——第十三届全国青年通信学术会议论文集 (下)},
  year={2008},
  lang={zh}
}

@mastersthesis{shr2009,
  title={小波分析在图像处理中的应用},
  author={石怀荣},
  year={2009},
  school={山东科技大学},
  lang = {zh}
}

@phdthesis{sxl2007,
  title={基于小波变换和支持向量机的电能质量扰动分析方法},
  author={宋雪雷},
  year={2007},
  school={万方数据资源系统},
  lang={zh}
}

@article{zyclz2004,
  title={小波变换图像压缩中最优小波基的选取方法},
  author={张一 and 成礼智},
  journal={电视技术},
  number={10},
  pages={4--7},
  year={2004},
  lang={zh}
}

@article{wcpyh2006,
  title={广义自傅里叶变换函数},
  author={王翠平 and 杨虎 and 白晋军 and 潘小利},
  journal={激光杂志},
  volume={27},
  number={4},
  pages={53--54},
  year={2006},
  lang={zh}
}

@phdthesis{lph2011,
  title={基于图像处理技术和小波方法的结构损伤识别},
  author={李鹏辉},
  year={2011},
  school={华中科技大学},
  lang={zh}
}

@phdthesis{dys2005,
  title={小波变换与阈值函数在数字信号去噪中的应用 [D]},
  author={董永生},
  year={2005},
  school={武汉大学},
  lang={zh}
}

@book{2006matlab,
  title={MATLAB 小波分析高级技术},
  author={周伟},
  year={2006},
  publisher={西安电子科技大学出版社},
  lang={zh}
}

@mastersthesis{白华2007基于离子电流法的汽油机燃烧状态动态检测,
  title={基于离子电流法的汽油机燃烧状态动态检测},
  author={白华},
  year={2007},
  school={南京航空航天大学},
  lang={zh}
}

@article{sangwen2010hcci,
  title={HCCI 燃烧离子电流特性试验研究},
  author={桑文 and 董光宇 and 张志永 and 李从跃 and 吴志军 and 李理光},
  journal={汽车工程},
  number={7},
  pages={559--563},
  year={2010},
  lang={zh}
}

@article{lcy2010hcci,
  title={HCCI 汽油机试验台架及其控制系统开发},
  author={李从跃 and 张志永 and 桑文 and 吴志军 and 李理光},
  journal={汽车技术},
  number={7},
  pages={23--27},
  year={2010},
  lang={zh}
}

@article{zzy2011hcci,
  title={汽油均质压燃燃烧的自由离子生成机理研究},
  author={张志永 and 董光宇 and 李从跃 and 桑文 and 李理光},
  journal={内燃机学报},
  volume={29},
  number={3},
  pages={253--259},
  year={2011},
  lang={zh}
}

@article{zzy2009nb,
  title={内部 EGR 对 HCCI 燃烧及自由离子生成影响的数值研究},
  author={张志永 and 董光宇 and 邓俊 and 李理光},
  journal={汽车工程},
  number={10},
  pages={905--910},
  year={2009},
  lang={zh}
}

@article{lyt2013dj,
  title={基于循环的缸内直喷乙醇 HCCI 燃烧的瞬态空燃比特性研究},
  author={刘寅童 and 邓俊 and 史现 and 吴志军 and 李理光},
  journal={内燃机工程},
  volume={34},
  number={2},
  pages={1--6},
  year={2013},
  lang={zh}
}

@article{kz2014wzj,
  title={工况参数对柴油机离子电流与燃烧相位相关性的影响},
  author={康哲 and 吴志军 and 张志强 and 胡宗杰 and 邓俊 and 李理光},
  journal={内燃机学报},
  number={3},
  pages={230--235},
  year={2014},
  lang={zh}
}

@article{wxm1998wxm,
  title={采用离子电流分析法实现发动机爆震信号的正确检测},
  author={吴筱敏},
  journal={内燃机学报},
  volume={16},
  number={4},
  pages={453--459},
  year={1998},
  lang={zh}
}

@article{wxm1999wxm,
  title={火花塞电极离子电流的初步探讨及其应用研究},
  author={吴筱敏 and 王子延},
  journal={内燃机学报},
  volume={17},
  number={2},
  pages={166--168},
  year={1999}
}

@techreport{klovmark2000estimating,
  title={Estimating the air/fuel ratio from Gaussian parameterizations of the ionization currents in internal combustion SI engines},
  author={Kl{\"o}vmark, Henrik and Rask, Patrik and Forssell, Urban},
  year={2000},
  institution={SAE Technical Paper}
}

@article{wrn2013,
  title={应用离子电流信号计算发动机缸内压力},
  author={魏若男 and 高辉 and 吴筱敏 and 高忠权 and 孟祥文 and 向曦 and 于化龙},
  journal={内燃机工程},
  volume={34},
  number={5},
  pages={13--17},
  year={2013},
  lang={zh}
}

@article{wy2002,
  title={离子电流法检测发动机失火和爆震的研究},
  author={汪映 and 周龙保 and 吴筱敏},
  journal={西安交通大学学报},
  volume={36},
  number={9},
  pages={895--898},
  year={2002},
  lang={zh}
}

@mastersthesis{bh2007,
  title={基于离子电流法的汽油机燃烧状态动态检测},
  author={白华},
  year={2007},
  school={南京航空航天大学},
  lang={zh}
}
@article{dgy2008ys,
  title={基于燃烧离子传感技术的发动机指示转矩实时估计},
  author={董光宇 and 于水 and 张旭升 and 李理光},
  journal={汽车工程},
  volume={30},
  number={7},
  pages={592--596},
  year={2008},
  lang={zh}
}

@article{lb2015lcy,
  title={离子电流法测量CH4/H2混合气燃烧火焰传播速度的实验研究},
  author={刘兵 and 李春艳 and 孙天旗 and 段浩 and 高忠权 and 吴筱敏},
  journal={西安交通大学学报},
  volume={49},
  number={1},
  pages={40-45},
  year={2015},
  lang={zh}
}

@article{gzq2015lcy,
  title={采用多电极对发动机进行离子电流测量的研究},
  author={高忠权 and 李春艳 and 富田荣二 and 吉山定见 and 吴筱敏 and 黄佐华},
  journal={内燃机工程},
  number={02},
  pages={54-60},
  year={2015},
  lang={zh}
}

@inproceedings{zby2015,
  title={基于电容检测的离子电流特性试验研究},
  author={郑兵艳 and 童孙禹 and 陆海峰 and 邓俊 and 胡宗杰 and 李理光},
  booktitle={2015中国汽车工程学会年会论文集(Volume1)},
  year={2015},
  lang={zh}
}

@techreport{hellring1999robust,
  title={Robust AFR estimation using the ion current and neural networks},
  author={Hellring, Magnus and Munther, Thomas and R{\"o}gnvaldsson, Thorsteinn and Wickstr{\"o}m, Nicholas and Carlsson, Christian and Larsson, Magnus and Nytomt, Jan},
  year={1999},
  institution={SAE Technical Paper}
}

@techreport{hellring1999spark,
  title={Spark advance control using the ion current and neural soft sensors},
  author={Hellring, Magnus and Munther, Thomas and R{\"o}gnvaldsson, Thorsteinn and Wickstr{\"o}m, Nicholas and Carlsson, Christian and Larsson, Magnus and Nytomt, Jan},
  year={1999},
  institution={SAE Technical Paper}
}